<?xml version="1.0" encoding="UTF-8"?><collection><record><leader>05495ntm a22005892a 4500</leader><controlfield tag="001">006814131</controlfield><controlfield tag="003">MiAaHDL</controlfield><controlfield tag="005">20190719000000.0</controlfield><controlfield tag="006">m        d        </controlfield><controlfield tag="007">cr bn ---auaua</controlfield><controlfield tag="008">090608s1510    xx            00| ||per d</controlfield><datafield tag="035" ind1=" " ind2=" "><subfield code="a">(MiU)006814131</subfield></datafield><datafield tag="035" ind1=" " ind2=" "><subfield code="a">sdr-miu006814131</subfield></datafield><datafield tag="040" ind1=" " ind2=" "><subfield code="a">MiU</subfield><subfield code="c">MiU</subfield><subfield code="e">amremm</subfield></datafield><datafield tag="043" ind1=" " ind2=" "><subfield code="a">n-us-mi</subfield></datafield><datafield tag="100" ind1="1" ind2=" "><subfield code="6">880-01</subfield><subfield code="a">Amīr Shāhī Sabzavārī,</subfield><subfield code="d">d. 1453.</subfield></datafield><datafield tag="240" ind1="1" ind2="0"><subfield code="6">880-02</subfield><subfield code="a">Poems</subfield></datafield><datafield tag="245" ind1="1" ind2="0"><subfield code="6">880-03</subfield><subfield code="a">Dīvān-i Mawlānā Shāhī,</subfield><subfield code="f">[916, i.e. 1510].</subfield></datafield><datafield tag="246" ind1="3" ind2=" "><subfield code="a">ديوان مولانا شاهى</subfield></datafield><datafield tag="260" ind1=" " ind2=" "><subfield code="c">[1510].</subfield></datafield><datafield tag="300" ind1=" " ind2=" "><subfield code="a">36 leaves :</subfield><subfield code="b">paper ;</subfield><subfield code="c">155 x 87 (105 x 44) mm.</subfield></datafield><datafield tag="500" ind1=" " ind2=" "><subfield code="a">Shelfmark: Ann Arbor, University of Michigan, Special Collections Library, Isl. Ms. 323</subfield></datafield><datafield tag="500" ind1=" " ind2=" "><subfield code="a">Origin: As appears in colophon on p.69, copied by Ibn ʻAli Quṭb al-Dīn al-Yazdī with transcription completed in the first part of Rajab 916 [October 1510].</subfield></datafield><datafield tag="500" ind1=" " ind2=" "><subfield code="a">Former shelfmark: "406 T. De M. [i.e. Tammaro De Marinis]" inscribed in pencil on verso of front flyleaf.</subfield></datafield><datafield tag="500" ind1=" " ind2=" "><subfield code="a">Binding: Pasteboards covered in dark red leather ; Type II binding (with flap) ; board linings in pink-tinted laid paper ; fore edge flap lined in green silk ; upper and lower covers carry stamped and gold-painted (on orange recessed inlays) rosette / mandorla (filled with vegetal composition vaguely reminiscent of Déroche class. OAi2 1) and cornerpieces along with tooled rosettes and gold-painted accents and border in a series of s-shaped stamps ; sewn in pink thread, two stations ; worked chevron endbands in pink and yellow, dirty, tailband damaged ; overall in fair condition with some abrasion, staining, lifting and losses of leather at spine and fore edge flap, minor pest damage, etc.</subfield></datafield><datafield tag="500" ind1=" " ind2=" "><subfield code="a">Support: non-European (likely Persian or Indian) laid paper with 8 laid lines per cm. (vertical, faint and indistinct) and no chain lines clearly visible, well-burnished, beige in color ; staining and tidelines ; many bifolia guarded with recycled manuscript "waste" ; flyleaves in European laid paper.</subfield></datafield><datafield tag="500" ind1=" " ind2=" "><subfield code="a">Decoration: Elegant (though damaged) illuminated headpiece (ʻunwān / sarlawḥ) at opening on p.2 consisting of large rectangular piece with gold cartouche carrying the title in white ("ديوان مولانا شاهي") surrounded by swirling vegetal decoration in black, cartouche surrounded by swirling floral vegetal designs in gold, yellow, red, white and pink on a field of blue with gold accents, surmounted by triangular piece or hasp with upper most pendant and vertical stalks (tīgh) continuing floral vegetal design on gold and lapis lazuli ; written area (and columns within) surrounded by a gold frame defined by black fillets and outermost blue rule ; centered panels of written area left blank.</subfield></datafield><datafield tag="500" ind1=" " ind2=" "><subfield code="a">Script: Nastaʻlīq ; compact, elegant Persianate hand ; serifless, with effect of words descending to baseline, closed counters, and elongated horizontal strokes.</subfield></datafield><datafield tag="500" ind1=" " ind2=" "><subfield code="a">Layout: Written in 12 lines per page with written area mainly divided to two columns ; frame-ruled.</subfield></datafield><datafield tag="500" ind1=" " ind2=" "><subfield code="a">Collation: i, 2 III(12), II (16), III (22), V (32), II (36), i ; ternions, binions, and a quinion ; catchwords present ; pagination in black ink, Hindu-Arabic numerals through "٢٩" ; pagination in pencil, Western numerals, supplied during digitization.</subfield></datafield><datafield tag="500" ind1=" " ind2=" "><subfield code="a">Colophon: "Scribal," rectangular, mainly in Arabic, reads "تم هذه الابيات العبد الفير الى الطاف الصمدى ابن على قطب الدين اليزدى غفر ذنوبه وستر عيوبه في اوائل رجب المرجب من شهور سنه ست عشر وتسعمائة الهجره النبويه المصطفويه عليه افضل الصلوات واكمل التسليمات"</subfield></datafield><datafield tag="500" ind1=" " ind2=" "><subfield code="a">Explicit: "سخن تا چند گویم پیچ هر [در] پیچ ترا من دوست میدارم دگر هیچ "</subfield></datafield><datafield tag="500" ind1=" " ind2=" "><subfield code="a">Incipit: "ای نقش بسته نام خطت با سرشت ما این حرف شد ز روز ازل سر نوشت ما ..."</subfield></datafield><datafield tag="500" ind1=" " ind2=" "><subfield code="a">Title from illuminated headpiece at opening on p.2.</subfield></datafield><datafield tag="500" ind1=" " ind2=" "><subfield code="a">Ms. codex.</subfield></datafield><datafield tag="510" ind1="4" ind2=" "><subfield code="a">Rypka,</subfield><subfield code="c">p.284</subfield></datafield><datafield tag="510" ind1="4" ind2=" "><subfield code="a">Cat. Pers. MSS. Brit. Mus.,</subfield><subfield code="c">p.640</subfield></datafield><datafield tag="520" ind1="8" ind2=" "><subfield code="a">Elegant copy of the Dīvān of Amīr Shāhī, Aq Malik ibn Amīr Jamāl al-Dīn Sabzavārī (d.1453).</subfield></datafield><datafield tag="538" ind1=" " ind2=" "><subfield code="a">Mode of access: Internet.</subfield></datafield><datafield tag="541" ind1=" " ind2=" "><subfield code="c">Purchase ;</subfield><subfield code="a">Acquired by purchase (funds donated by Horace Rackham).</subfield><subfield code="d">1924.</subfield></datafield><datafield tag="546" ind1=" " ind2=" "><subfield code="a">Persian.</subfield></datafield><datafield tag="561" ind1=" " ind2=" "><subfield code="a">Inscription in pencil on front flyleaf verso "406 T. De M. [i.e. Tammaro De Marinis]" ; inventory mark and basmalah on recto of front flyleaf ; various notes and excerpts (some effaced) on 'title page' (p.1) and final leaves (pp.70-72) ; marginal glosses.</subfield></datafield><datafield tag="650" ind1=" " ind2="0"><subfield code="a">Manuscripts, Persian</subfield><subfield code="z">Michigan</subfield><subfield code="z">Ann Arbor.</subfield></datafield><datafield tag="650" ind1=" " ind2="0"><subfield code="a">Persian poetry</subfield><subfield code="y">747-1500.</subfield></datafield><datafield tag="655" ind1=" " ind2="7"><subfield code="a">Headpieces (layout features)</subfield><subfield code="y">16th century.</subfield><subfield code="2">aat</subfield></datafield><datafield tag="700" ind1="0" ind2=" "><subfield code="a">Abdülhamid</subfield><subfield code="b">II,</subfield><subfield code="c">Sultan of the Turks,</subfield><subfield code="d">1842-1918,</subfield><subfield code="e">former owner.</subfield></datafield><datafield tag="700" ind1="0" ind2=" "><subfield code="6">880-05</subfield><subfield code="a">Ibn ʻAlī Quṭb al-Dīn al-Yazdī,</subfield><subfield code="d">fl. 1510,</subfield><subfield code="e">scribe.</subfield></datafield><datafield tag="773" ind1="0" ind2=" "><subfield code="a">Abdul Hamid Collection.</subfield></datafield><datafield tag="880" ind1="0" ind2=" "><subfield code="6">700-05/</subfield><subfield code="a">ابن على قطب الدين اليزدى,</subfield><subfield code="e">ناسخ.</subfield></datafield><datafield tag="880" ind1="1" ind2="0"><subfield code="6">245-03/</subfield><subfield code="a">دیوان مولانا شاهی,</subfield><subfield code="f">[916ه, 1510م].</subfield></datafield><datafield tag="880" ind1="1" ind2="0"><subfield code="6">240-02/</subfield><subfield code="a">ديوان</subfield></datafield><datafield tag="880" ind1="1" ind2=" "><subfield code="6">100-01/</subfield><subfield code="a">امير شاهى سبزوارى.</subfield></datafield><datafield tag="CID" ind1=" " ind2=" "><subfield code="a">006814131</subfield></datafield><datafield tag="DAT" ind1="0" ind2=" "><subfield code="a">20190719102638.0</subfield><subfield code="b">20190719000000.0</subfield></datafield><datafield tag="DAT" ind1="1" ind2=" "><subfield code="a">20190719090653.0</subfield><subfield code="b">2019-07-19T16:11:50Z</subfield></datafield><datafield tag="DAT" ind1="2" ind2=" "><subfield code="a">2015-10-02T18:00:03Z</subfield></datafield><datafield tag="CAT" ind1=" " ind2=" "><subfield code="a">SDR-MIU</subfield><subfield code="d">EX LIBRIS - ALEPH</subfield><subfield code="l">prepare.pl-004-008</subfield></datafield><datafield tag="FMT" ind1=" " ind2=" "><subfield code="a">BK</subfield></datafield><datafield tag="HOL" ind1=" " ind2=" "><subfield code="0">sdr-miu006814131</subfield><subfield code="a">MiU</subfield><subfield code="b">SDR</subfield><subfield code="c">MIU</subfield><subfield code="p">mdp.39015079128875</subfield><subfield code="s">MIU</subfield><subfield code="1">006814131</subfield></datafield><datafield tag="974" ind1=" " ind2=" "><subfield code="b">MIU</subfield><subfield code="c">MIU</subfield><subfield code="d">20190719</subfield><subfield code="s">lit-dlps-dc</subfield><subfield code="u">mdp.39015079128875</subfield><subfield code="y">1510</subfield><subfield code="r">pd</subfield><subfield code="q">bib</subfield><subfield code="t">non-US bib date1 &lt; 1879</subfield></datafield></record></collection>